
%% Exemple d'une page de site web
@online{online,
  author = {Fabian, Louis and Jack, Grall and Bakari, Olsen}, 
  title = {Titre de la page web},
  type = {Format},
  year = 2021,
  month = {Octobre},
  day = 2,
  url = {https://www.rahombe.com}
}

%% Exemple d'un site web avec pseudonyme (par exemple post Twitter)
@online{onlineNick,
  author = {Fermin, Lopez and Lamin Yamal}, 
  title = {Titre de la page web},
  type = {Format},
  year = 2023,
  month = {Octobre},
  day = 2,
  url = {https://www.rahombe.com},
  note = {Nom d'usager}
}

%% Exemple d'une video en ligne (par exemple vidéo Youtube)
@online{onlineVideo,
  author = {Doe, John}, 
  title = {Titre de la vidéo},
  type = {Vidéo Youtube},
  year = 2019,
  month = {Octobre},
  day = 2,
  url = {https://www.youtube.com},
  note = {Nom d'usager}
}

%% Exemple d'un jeu de données
@online{onlineDataset,
  author = {Jack, Sparrow and Elvina, Stiffen}, 
  title = {Titre du jeu de données},
  type = {Type de contenu},
  year = 2024,
  url = {https://www.rahombe.com}
} 

%% Notes de cours sur le net
@misc {classURL,
  author = {Doe, John}, 
  year = 1999,
  title = {Sigle du cours: Titre du cours},
  type = {Notes de cours},
  url = {https://www.rahombe.com}
}

%% Exemple d'un document non publié avec URL
@unpublished{unpublishedURL,
  author = {Lemieux, Suzette and Frack, Rubben and Bernard, Guisst}, 
  year = 2024,
  title = {Titre du document},
  url = {https://www.rahombe.com}
}